@article{DBLP:journals/corr/KipfW16,
    author    = {Thomas N. Kipf and
                Max Welling},
    title     = {Semi-Supervised Classification with Graph Convolutional Networks},
    journal   = {CoRR},
    volume    = {abs/1609.02907},
    year      = {2016},
    url       = {http://arxiv.org/abs/1609.02907},
    archivePrefix = {arXiv},
    eprint    = {1609.02907},
    timestamp = {Mon, 13 Aug 2018 16:48:31 +0200},
    biburl    = {https://dblp.org/rec/journals/corr/KipfW16.bib},
    bibsource = {dblp computer science bibliography, https://dblp.org}
}

@article{Sen_Namata_Bilgic_Getoor_Galligher_Eliassi-Rad_2008, 
    title={Collective Classification in Network Data}, 
    volume={29}, 
    DOI={10.1609/aimag.v29i3.2157},  
    number={3}, 
    journal={AI Magazine}, 
    author={Sen, Prithviraj and Namata, Galileo and Bilgic, Mustafa and Getoor, Lise and Galligher, Brian and Eliassi-Rad, Tina}, 
    year={2008}, 
    month={9}, 
    pages={93}
}

@article{Hammond2009WaveletsOG,
    title={Wavelets on Graphs via Spectral Graph Theory},
    author={David K. Hammond and Pierre Vandergheynst and R{\'e}mi Gribonval},
    journal={ArXiv},
    year={2009},
    volume={abs/0912.3848}
}

@article{ManiReg,
    author = {Belkin, Mikhail and Niyogi, Partha and Sindhwani, Vikas},
    title = {Manifold Regularization: A Geometric Framework for Learning from Labeled and Unlabeled Examples},
    year = {2006},
    issue_date = {12/1/2006},
    publisher = {JMLR.org},
    doi = {10.5555/1248547.1248632},
    volume = {7},
    issn = {1532-4435},
    journal = {J. Mach. Learn. Res.},
    month = dec,
    pages = {2399–2434},
    numpages = {36}
}
  
@inproceedings{SemiEmb,
    author = {Weston, Jason and Ratle, Fr\'{e}d\'{e}ric and Collobert, Ronan},
    title = {Deep Learning via Semi-Supervised Embedding},
    year = {2008},
    isbn = {9781605582054},
    publisher = {Association for Computing Machinery},
    address = {New York, NY, USA},
    url = {https://doi.org/10.1145/1390156.1390303},
    doi = {10.1145/1390156.1390303},
    booktitle = {Proceedings of the 25th International Conference on Machine Learning},
    pages = {1168–1175},
    numpages = {8},
    location = {Helsinki, Finland},
    series = {ICML ’08}
}
  
@inproceedings{LP,
    author = {Zhu, Xiaojin and Ghahramani, Zoubin and Lafferty, John},
    title = {Semi-Supervised Learning Using Gaussian Fields and Harmonic Functions},
    year = {2003},
    isbn = {1577351894},
    publisher = {AAAI Press},
    doi = {10.5555/3041838.3041953},
    booktitle = {Proceedings of the Twentieth International Conference on International Conference on Machine Learning},
    pages = {912–919},
    numpages = {8},
    location = {Washington, DC, USA},
    series = {ICML’03}
}
  
@inproceedings{DeepWalk,
    author = {Perozzi, Bryan and Al-Rfou, Rami and Skiena, Steven},
    title = {DeepWalk: Online Learning of Social Representations},
    year = {2014},
    isbn = {9781450329569},
    publisher = {Association for Computing Machinery},
    address = {New York, NY, USA},
    url = {https://doi.org/10.1145/2623330.2623732},
    doi = {10.1145/2623330.2623732},
    booktitle = {Proceedings of the 20th ACM SIGKDD International Conference on Knowledge Discovery and Data Mining},
    pages = {701–710},
    numpages = {10},
    keywords = {online learning, deep learning, learning with partial labels, social networks, network classification, latent representations},
    location = {New York, New York, USA},
    series = {KDD ’14}
}
  
@inproceedings{ICA,
    author = {Lu, Qing and Getoor, Lise},
    title = {Link-Based Classification},
    year = {2003},
    isbn = {1577351894},
    publisher = {AAAI Press},
    doi = {10.5555/3041838.3041901},
    booktitle = {Proceedings of the Twentieth International Conference on International Conference on Machine Learning},
    pages = {496–503},
    numpages = {8},
    location = {Washington, DC, USA},
    series = {ICML’03}
}

@article{DBLP:journals/corr/YangCS16,
    author    = {Zhilin Yang and
                William W. Cohen and
                Ruslan Salakhutdinov},
    title     = {Revisiting Semi-Supervised Learning with Graph Embeddings},
    journal   = {CoRR},
    volume    = {abs/1603.08861},
    year      = {2016},
    url       = {http://arxiv.org/abs/1603.08861},
    archivePrefix = {arXiv},
    eprint    = {1603.08861},
    timestamp = {Mon, 13 Aug 2018 16:46:02 +0200},
    biburl    = {https://dblp.org/rec/journals/corr/YangCS16.bib},
    bibsource = {dblp computer science bibliography, https://dblp.org}
}
  
@article{DBLP:journals/corr/HamiltonYL17,
    author    = {William L. Hamilton and
                Rex Ying and
                Jure Leskovec},
    title     = {Inductive Representation Learning on Large Graphs},
    journal   = {CoRR},
    volume    = {abs/1706.02216},
    year      = {2017},
    url       = {http://arxiv.org/abs/1706.02216},
    archivePrefix = {arXiv},
    eprint    = {1706.02216},
    timestamp = {Mon, 13 Aug 2018 16:46:12 +0200},
    biburl    = {https://dblp.org/rec/journals/corr/HamiltonYL17.bib},
    bibsource = {dblp computer science bibliography, https://dblp.org}
}

@article{DBLP:journals/corr/abs-1802-08888,
    author    = {Sami Abu{-}El{-}Haija and
                Amol Kapoor and
                Bryan Perozzi and
                Joonseok Lee},
    title     = {{N-GCN:} Multi-scale Graph Convolution for Semi-supervised Node Classification},
    journal   = {CoRR},
    volume    = {abs/1802.08888},
    year      = {2018},
    url       = {http://arxiv.org/abs/1802.08888},
    archivePrefix = {arXiv},
    eprint    = {1802.08888},
    timestamp = {Mon, 13 Aug 2018 16:48:32 +0200},
    biburl    = {https://dblp.org/rec/journals/corr/abs-1802-08888.bib},
    bibsource = {dblp computer science bibliography, https://dblp.org}
}

@article{DBLP:journals/corr/abs-1801-10247,
    author    = {Jie Chen and
                Tengfei Ma and
                Cao Xiao},
    title     = {FastGCN: Fast Learning with Graph Convolutional Networks via Importance
                Sampling},
    journal   = {CoRR},
    volume    = {abs/1801.10247},
    year      = {2018},
    url       = {http://arxiv.org/abs/1801.10247},
    archivePrefix = {arXiv},
    eprint    = {1801.10247},
    timestamp = {Mon, 13 Aug 2018 16:46:37 +0200},
    biburl    = {https://dblp.org/rec/journals/corr/abs-1801-10247.bib},
    bibsource = {dblp computer science bibliography, https://dblp.org}
}